<collection xmlns="http://www.loc.gov/MARC21/slim"><record><leader>00914nam  2200289   450</leader><controlfield tag="001">717</controlfield><controlfield tag="003">http://montalegre.opacnet.com/OPAC/default.aspx?ContentAreaControl=ShowRegHoldings.ascx&amp;RegNo=16662</controlfield><controlfield tag="005">20</controlfield><datafield tag="010" ind1=" " ind2=" "><subfield code="a">972-25-1229-3</subfield></datafield><datafield tag="021" ind1=" " ind2=" "><subfield code="a">PT</subfield><subfield code="b">238679/06</subfield></datafield><datafield tag="021" ind1=" " ind2=" "><subfield code="a">PT</subfield></datafield><datafield tag="100" ind1=" " ind2=" "><subfield code="a">20030910g20039999me y0pory0103    ba</subfield></datafield><datafield tag="101" ind1="1" ind2=" "><subfield code="a">por</subfield><subfield code="c">eng</subfield></datafield><datafield tag="102" ind1=" " ind2=" "><subfield code="a">PT</subfield></datafield><datafield tag="200" ind1="1" ind2=" "><subfield code="a">&lt;O &gt;filho das sombras</subfield><subfield code="e">Sevenwaters</subfield><subfield code="f">Juliet Marillier</subfield><subfield code="g">trad.: Irene Daun e Lorena, Nuno Daun e Lorena</subfield></datafield><datafield tag="205" ind1=" " ind2=" "><subfield code="a">10ª ed</subfield></datafield><datafield tag="210" ind1=" " ind2=" "><subfield code="a">Lisboa</subfield><subfield code="c">Bertrand</subfield><subfield code="d">2006</subfield></datafield><datafield tag="215" ind1=" " ind2=" "><subfield code="a">462 p.</subfield><subfield code="d">23 cm</subfield></datafield><datafield tag="225" ind1="2" ind2=" "><subfield code="a">Grandes romances</subfield></datafield><datafield tag="304" ind1=" " ind2=" "><subfield code="a">Tít. orig.: Daughter of the forest</subfield></datafield><datafield tag="327" ind1="1" ind2=" "><subfield code="a">Livro II da Trilogia Sevenwaters</subfield></datafield><datafield tag="517" ind1="1" ind2=" "><subfield code="a">Sevenwaters</subfield></datafield><datafield tag="675" ind1=" " ind2=" "><subfield code="a">821</subfield></datafield><datafield tag="700" ind1=" " ind2="1"><subfield code="a">Marillier</subfield><subfield code="b">Juliet</subfield></datafield><datafield tag="702" ind1=" " ind2="1"><subfield code="a">Lorena</subfield><subfield code="b">Nuno Daun e</subfield><subfield code="4">730</subfield></datafield><datafield tag="801" ind1=" " ind2="0"><subfield code="a">PT</subfield><subfield code="b">Biblioteca Municipal de Montalegre</subfield><subfield code="g">RPC</subfield></datafield><datafield tag="856" ind1=" " ind2=" "><subfield code="u">locateMedia.asp?cod=20060530115012&amp;ext=jpg</subfield><subfield code="z">CAPA</subfield></datafield><datafield tag="909" ind1="&#9;" ind2=" "><subfield code="a">1</subfield></datafield><datafield tag="966" ind1=" " ind2=" "><subfield code="a">0016743</subfield><subfield code="d">II</subfield><subfield code="l">BMM</subfield><subfield code="s">SCG 821 MAR fil 2</subfield></datafield></record></collection>